@article{greenwade93,
    author  = "George D. Greenwade",
    title   = "The {C}omprehensive {T}ex {A}rchive {N}etwork ({CTAN})",
    year    = "1993",
    journal = "TUGBoat",
    volume  = "14",
    number  = "3",
    pages   = "342--351"
}
@inproceedings{Goodfellow2014GenerativeAN,
  title={Generative Adversarial Nets},
  author={Ian J. Goodfellow and Jean Pouget-Abadie and Mehdi Mirza and Bing Xu and David Warde-Farley and Sherjil Ozair and Aaron C. Courville and Yoshua Bengio},
  booktitle={Neural Information Processing Systems},
  year={2014},
  url={https://api.semanticscholar.org/CorpusID:261560300}
}

@misc{szegedy2014intriguingpropertiesneuralnetworks,
      title={Intriguing properties of neural networks}, 
      author={Christian Szegedy and Wojciech Zaremba and Ilya Sutskever and Joan Bruna and Dumitru Erhan and Ian Goodfellow and Rob Fergus},
      year={2014},
      eprint={1312.6199},
      archivePrefix={arXiv},
      primaryClass={cs.CV},
      url={https://arxiv.org/abs/1312.6199}, 
}

@misc{kurakin2017adversarialmachinelearningscale,
      title={Adversarial Machine Learning at Scale}, 
      author={Alexey Kurakin and Ian Goodfellow and Samy Bengio},
      year={2017},
      eprint={1611.01236},
      archivePrefix={arXiv},
      primaryClass={cs.CV},
      url={https://arxiv.org/abs/1611.01236}, 
}

@misc{dong2018boostingadversarialattacksmomentum,
      title={Boosting Adversarial Attacks with Momentum}, 
      author={Yinpeng Dong and Fangzhou Liao and Tianyu Pang and Hang Su and Jun Zhu and Xiaolin Hu and Jianguo Li},
      year={2018},
      eprint={1710.06081},
      archivePrefix={arXiv},
      primaryClass={cs.LG},
      url={https://arxiv.org/abs/1710.06081}, 
}

@misc{moosavidezfooli2016deepfoolsimpleaccuratemethod,
      title={DeepFool: a simple and accurate method to fool deep neural networks}, 
      author={Seyed-Mohsen Moosavi-Dezfooli and Alhussein Fawzi and Pascal Frossard},
      year={2016},
      eprint={1511.04599},
      archivePrefix={arXiv},
      primaryClass={cs.LG},
      url={https://arxiv.org/abs/1511.04599}, 
}

@misc{wang2024revisitingadversarialtrainingscale,
      title={Revisiting Adversarial Training at Scale}, 
      author={Zeyu Wang and Xianhang Li and Hongru Zhu and Cihang Xie},
      year={2024},
      eprint={2401.04727},
      archivePrefix={arXiv},
      primaryClass={cs.CV},
      url={https://arxiv.org/abs/2401.04727}, 
}

@book{huber2011robust,
  title={Robust statistics},
  author={Huber, Peter J and Ronchetti, Elvezio M},
  year={2011},
  publisher={John Wiley \& Sons}
}

@misc{szegedy2015rethinkinginceptionarchitecturecomputer,
      title={Rethinking the Inception Architecture for Computer Vision}, 
      author={Christian Szegedy and Vincent Vanhoucke and Sergey Ioffe and Jonathon Shlens and Zbigniew Wojna},
      year={2015},
      eprint={1512.00567},
      archivePrefix={arXiv},
      primaryClass={cs.CV},
      url={https://arxiv.org/abs/1512.00567}, 
}

@misc{akhmedova2024ganeticlossgenerativeadversarial,
      title={GANetic Loss for Generative Adversarial Networks with a Focus on Medical Applications}, 
      author={Shakhnaz Akhmedova and Nils Körber},
      year={2024},
      eprint={2406.05023},
      archivePrefix={arXiv},
      primaryClass={cs.CV},
      url={https://arxiv.org/abs/2406.05023}, 
}

@misc{xiao2024mcganenhancinggantraining,
      title={MCGAN: Enhancing GAN Training with Regression-Based Generator Loss}, 
      author={Baoren Xiao and Hao Ni and Weixin Yang},
      year={2024},
      eprint={2405.17191},
      archivePrefix={arXiv},
      primaryClass={cs.CV},
      url={https://arxiv.org/abs/2405.17191}, 
}

@misc{yun2019cutmixregularizationstrategytrain,
      title={CutMix: Regularization Strategy to Train Strong Classifiers with Localizable Features}, 
      author={Sangdoo Yun and Dongyoon Han and Seong Joon Oh and Sanghyuk Chun and Junsuk Choe and Youngjoon Yoo},
      year={2019},
      eprint={1905.04899},
      archivePrefix={arXiv},
      primaryClass={cs.CV},
      url={https://arxiv.org/abs/1905.04899}, 
}

@misc{devries2017improvedregularizationconvolutionalneural,
      title={Improved Regularization of Convolutional Neural Networks with Cutout}, 
      author={Terrance DeVries and Graham W. Taylor},
      year={2017},
      eprint={1708.04552},
      archivePrefix={arXiv},
      primaryClass={cs.CV},
      url={https://arxiv.org/abs/1708.04552}, 
}

@misc{6889193,
  author={Meng, Xiangtao and Liu, Chao and Zhang, Zhiyong and Wang, Dong},
  booktitle={2014 IEEE China Summit & International Conference on Signal and Information Processing (ChinaSIP)}, 
  title={Noisy training for deep neural networks}, 
  year={2014},
  volume={},
  number={},
  pages={16-20},
  keywords={Training;Speech;Noise measurement;Signal to noise ratio;Speech recognition;Neural networks;deep neural network;noise injection;robust speech recognition},
  doi={10.1109/ChinaSIP.2014.6889193}}

@misc{rakin2018parametricnoiseinjectiontrainable,
      title={Parametric Noise Injection: Trainable Randomness to Improve Deep Neural Network Robustness against Adversarial Attack}, 
      author={Adnan Siraj Rakin and Zhezhi He and Deliang Fan},
      year={2018},
      eprint={1811.09310},
      archivePrefix={arXiv},
      primaryClass={cs.LG},
      url={https://arxiv.org/abs/1811.09310}, 
}

@misc{alharbi2020disentangledimagegenerationstructured,
      title={Disentangled Image Generation Through Structured Noise Injection}, 
      author={Yazeed Alharbi and Peter Wonka},
      year={2020},
      eprint={2004.12411},
      archivePrefix={arXiv},
      primaryClass={cs.CV},
      url={https://arxiv.org/abs/2004.12411}, 
}

@misc{levi2022noiseinjectionprobedeep,
      title={Noise Injection as a Probe of Deep Learning Dynamics}, 
      author={Noam Levi and Itay Bloch and Marat Freytsis and Tomer Volansky},
      year={2022},
      eprint={2210.13599},
      archivePrefix={arXiv},
      primaryClass={cs.LG},
      url={https://arxiv.org/abs/2210.13599}, 
}

@misc{ioffe2015batchnormalizationacceleratingdeep,
      title={Batch Normalization: Accelerating Deep Network Training by Reducing Internal Covariate Shift}, 
      author={Sergey Ioffe and Christian Szegedy},
      year={2015},
      eprint={1502.03167},
      archivePrefix={arXiv},
      primaryClass={cs.LG},
      url={https://arxiv.org/abs/1502.03167}, 
}

@article{Chawla_2002,
   title={SMOTE: Synthetic Minority Over-sampling Technique},
   volume={16},
   ISSN={1076-9757},
   url={http://dx.doi.org/10.1613/jair.953},
   DOI={10.1613/jair.953},
   journal={Journal of Artificial Intelligence Research},
   publisher={AI Access Foundation},
   author={Chawla, N. V. and Bowyer, K. W. and Hall, L. O. and Kegelmeyer, W. P.},
   year={2002},
   month=jun, pages={321–357} }

@misc{ghiasi2018dropblockregularizationmethodconvolutional,
      title={DropBlock: A regularization method for convolutional networks}, 
      author={Golnaz Ghiasi and Tsung-Yi Lin and Quoc V. Le},
      year={2018},
      eprint={1810.12890},
      archivePrefix={arXiv},
      primaryClass={cs.CV},
      url={https://arxiv.org/abs/1810.12890}, 
}

@misc{han2019unsuperviseddomainadaptationcalibrating,
      title={Unsupervised Domain Adaptation via Calibrating Uncertainties}, 
      author={Ligong Han and Yang Zou and Ruijiang Gao and Lezi Wang and Dimitris Metaxas},
      year={2019},
      eprint={1907.11202},
      archivePrefix={arXiv},
      primaryClass={cs.LG},
      url={https://arxiv.org/abs/1907.11202}, 
}

@misc{shwartzziv2023compresscompressselfsupervisedlearning,
      title={To Compress or Not to Compress- Self-Supervised Learning and Information Theory: A Review}, 
      author={Ravid Shwartz-Ziv and Yann LeCun},
      year={2023},
      eprint={2304.09355},
      archivePrefix={arXiv},
      primaryClass={cs.LG},
      url={https://arxiv.org/abs/2304.09355}, 
}

@misc{tishby2000informationbottleneckmethod,
      title={The information bottleneck method}, 
      author={Naftali Tishby and Fernando C. Pereira and William Bialek},
      year={2000},
      eprint={physics/0004057},
      archivePrefix={arXiv},
      primaryClass={physics.data-an},
      url={https://arxiv.org/abs/physics/0004057}, 
}

@misc{shwartzziv2017openingblackboxdeep,
      title={Opening the Black Box of Deep Neural Networks via Information}, 
      author={Ravid Shwartz-Ziv and Naftali Tishby},
      year={2017},
      eprint={1703.00810},
      archivePrefix={arXiv},
      primaryClass={cs.LG},
      url={https://arxiv.org/abs/1703.00810}, 
}

@misc{hjelm2019learningdeeprepresentationsmutual,
      title={Learning deep representations by mutual information estimation and maximization}, 
      author={R Devon Hjelm and Alex Fedorov and Samuel Lavoie-Marchildon and Karan Grewal and Phil Bachman and Adam Trischler and Yoshua Bengio},
      year={2019},
      eprint={1808.06670},
      archivePrefix={arXiv},
      primaryClass={stat.ML},
      url={https://arxiv.org/abs/1808.06670}, 
}

@misc{oord2019representationlearningcontrastivepredictive,
      title={Representation Learning with Contrastive Predictive Coding}, 
      author={Aaron van den Oord and Yazhe Li and Oriol Vinyals},
      year={2019},
      eprint={1807.03748},
      archivePrefix={arXiv},
      primaryClass={cs.LG},
      url={https://arxiv.org/abs/1807.03748}, 
}